
@inproceedings{rizzo98dummynet,
  author = {Rizzo, Luigi},
  title = {Dummynet and forward error correction},
  booktitle = atc,
  year = {1998},
  month = jun,
} 

@inproceedings{hunt10zookeeper,
  ids={zookeeper:atc10},
  title={{ZooKeeper: wait-free coordination for internet-scale systems}},
  author={Hunt, Patrick and Konar, Mahadev and Junqueira, Flavio P and Reed, Benjamin},
  booktitle=atc,
  year={2010},
  month = jun,
}

@inproceedings{wang12gnothi,
  ids={gnothi:atc12},
  title={Gnothi: Separating data and metadata for efficient and available storage replication},
  author={Wang, Yang and Alvisi, Lorenzo and Dahlin, Mike},
  booktitle=atc,
  year={2012},
  month = jun,
}

@inproceedings{huang12erasure,
  ids={azure:atc12},
  title={Erasure coding in windows azure storage},
  author={Huang, Cheng and Simitci, Huseyin and Xu, Yikang and Ogus, Aaron and Calder, Brad and Gopalan, Parikshit and Li, Jin and Yekhanin, Sergey and others},
  booktitle=atc,
  year={2012},
  month = jun,
}

@inproceedings{cowling12granola,
  ids={granola:atc12},
  title={{Granola: low-overhead distributed transaction coordination}},
  author={Cowling, James and Liskov, Barbara},
  booktitle=atc,
  year={2012},
  month = jun,
}

@inproceedings{bronson13tao,
  ids={tao:atc13},
  author = {Bronson, Nathan and Amsden, Zachary and Cabrera, George and Chakka, Prasad and Dimov, Peter and Ding, Hui and Ferris, Jack and Giardullo, Anthony and Kulkarni, Sachin and Li, Harry and Marchukov, Mark and Petrov, Dmitri and Puzar, Lovro and Song, Yee Jiun and Venkataramani, Venkat},
  title = {{TAO: Facebook's distributed data store for the social graph}},
  booktitle = atc,
  year = {2013},
  month = jun,
}

@inproceedings{ongaro14search,
  title={In Search of an Understandable Consensus Algorithm.},
  author={Ongaro, Diego and Ousterhout, John K},
  booktitle=atc,
  year={2014},
  month = jun,
}
