
@inproceedings{roy09runtime,
  title={A runtime system for software lock elision},
  author={Roy, Amitabha and Hand, Steven and Harris, Tim},
  booktitle=eurosys,
  year={2009},
}

@inproceedings{bessani11depsky,
  ids={depsky:eurosys11},
  author = {Bessani, Alysson and Correia, Miguel and Quaresma, Bruno and Andr{\'e}, Fernando and Sousa, Paulo},
  title = {DepSky: dependable and secure storage in a cloud-of-clouds},
  booktitle = eurosys,
  year = {2011},
}

@inproceedings{kraska13mdcc,
  ids={mdcc:eurosys13},
  title={{MDCC: Multi-data center consistency}},
  author={Kraska, Tim and Pang, Gene and Franklin, Michael J and Madden, Samuel and Fekete, Alan},
  booktitle=eurosys,
  year={2013},
}

@inproceedings{herman16type,
  title={Type-aware transactions for faster concurrent code},
  author={Herman, Nathaniel and Inala, Jeevana Priya and Huang, Yihe and Tsai, Lillian and Kohler, Eddie and Liskov, Barbara and Shrira, Liuba},
  booktitle=eurosys,
  year={2016},
}
