
@inproceedings{oki88viewstamped,
  ids={viewstampedreplication:podc88i},
  title={Viewstamped replication: A new primary copy method to support highly-available distributed systems},
  author={Oki, Brian M and Liskov, Barbara H},
  booktitle=podc,
  year={1988},
}

@inproceedings{camargos07multicoordinated,
  ids={multicoordinatedpaxos:podc07},
  title={{Multicoordinated Paxos}},
  author={Camargos, L{\'a}saro Jonas and Schmidt, Rodrigo Malta and Pedone, Fernando},
  booktitle=podc,
  year={2007},
}

@inproceedings{chandra07paxos,
  ids={paxosmadelive:podc07},
  author = {Chandra, Tushar Deepak and Griesemer, Robert and Redstone, Joshua},
  title = {Paxos made live: an engineering perspective},
  booktitle = podc,
  year = {2007},
}

@inproceedings{conrejo12asynchronous,
  title={Asynchronous failure detectors},
  author={Conrejo, Alejandro and Lynch, Nancy and Sastry, Srikanth},
  booktitle=podc,
  year={2012},
}
