% @Comment % best conferences
@string{focs="Proc. FOCS)"}
@string{stoc="Proc. STOC"}
% good conferences
@string{soda="Proc. SODA"}
@string{sosp="Proc. SOSP"}
@string{osdi="Proc. OSDI"}
@string{sigcomm="Proc. SIGCOMM"}
% less good conferences
@string{nsdi="Proc. NSDI"}
@string{podc="Proc. PODC"}
@string{disc="Proc. DISC"}
@string{vldb="Proc. VLDB"}
@string{sigmod="Proc. SIGMOD"}
@string{security="Proc. Security"}
@string{ccs="Proc. CCS"}
@string{isca="Proc. ISCA"}
@string{pldi="Proc. PLDI"}
@string{popl="Proc. POPL"}
@string{asplos="Proc. ASPLOS"}
@string{spaa="Proc. SPAA"}
@string{oopsla="Proc. OOPSLA"}
@string{eurosys="Proc. EuroSys"}
@string{ppopp="Proc. PPoPP"}
@string{atc="Proc. ATC"}
@string{ols="Proc. OLS"}
@string{cidr="Proc. CIDR"}
@string{fast="Proc. FAST"}
% even less good conferences
@string{sc="Proc. SC"}
@string{ecoop="Proc. ECOOP"}
@string{socc="Proc. SoCC"}
@string{infocom="Proc. INFOCOM"}
@string{hpdc="Proc. HPDC"}
@string{dsn="Proc. DSN"}
@string{pact="Proc. PACT"}

% workshops
@string{hotos="Proc. HotOS"}
@string{iptps="Proc. IPTPS"}
@string{transact="Proc. TRANSACT"}
@string{hpts="International Workshop on High Performance Transaction Systems (HPTS)"}

% good journals
@string{tocs="TOCS"}
@string{pvldb="PVLDB"}
@string{tods="TODS"}
@string{toplas="TOPLAS"}
@string{csur="CSUR"}
@string{osr="OSR"}
@string{ccr="CCR"}
@string{sicomp="SICOMP"} 
% @Comment less good journals
@string{vldbj="VLDBJ"}
@string{tkde="TKDE"}
@string{tc="TC"}
@string{dc="DC"}

% newsletter
@string{sigact="SIGACT"}
@string{cacm="CACM"}
@string{jacm="JACM"}
