@inproceedings{lampson1993new,
  title={A new presumed commit optimization for two phase commit},
  author={Lampson, Butler and Lomet, David},
  booktitle=vldb,
  year={1993},
}

@inproceedings{stonebraker07end,
  ids={hstore:vldb07},
  title={{The end of an architectural era:(it's time for a complete rewrite)}},
  author={Stonebraker, Michael and Madden, Samuel and Abadi, Daniel J and Harizopoulos, Stavros and Hachem, Nabil and Helland, Pat},
  booktitle=vldb,
  year={2007},
}

@inproceedings{kallman08hstore,
  ids={hstore:vldb08i},
  title={{H-store: a high-performance, distributed main memory transaction processing system}},
  author={Kallman, Robert and Kimura, Hideaki and Natkins, Jonathan and Pavlo, Andrew and Rasin, Alexander and Zdonik, Stanley and Jones, Evan PC and Madden, Samuel and Stonebraker, Michael and Zhang, Yang and others},
  booktitle=vldb,
  year={2008},
}

@inproceedings{brian08pnuts,
  ids={pnuts:vldb08},
  title={{PNUTS: Yahoo!'s hosted data serving platform}},
  author={Cooper, Brian F and Ramakrishnan, Raghu and Srivastava, Utkarsh and Silberstein, Adam and Bohannon, Philip and Jacobsen, Hans-Arno and Puz, Nick and Weaver, Daniel and Yerneni, Ramana},
  journal=vldb,
  year={2008},
}

@inproceedings{thomson2010case,
  title={{The case for determinism in database systems}},
  author={Thomson, Alexander and Abadi, Daniel J},
  booktitle=vldb,
  year={2010},
}

@inproceedings{mahmoud13low,
  ids={replicatedcommit:vldb13},
  title={{Low-latency multi-datacenter databases using replicated commit}},
  author={Mahmoud, Hatem and Nawab, Faisal and Pucher, Alexander and Agrawal, Divyakant and El Abbadi, Amr},
  booktitle=vldb,
  year={2013},
}

@inproceedings{sathiamoorthy13xoring,
  ids={xoring:vldb2013},
  title={Xoring elephants: Novel erasure codes for big data},
  author={Sathiamoorthy, Maheswaran and Asteris, Megasthenis and Papailiopoulos, Dimitris and Dimakis, Alexandros G and Vadali, Ramkumar and Chen, Scott and Borthakur, Dhruba},
  booktitle=vldb,
  year={2013},
}
