
@inproceedings{ridge09verifying,
  title={Verifying distributed systems: the operational approach},
  author={Ridge, Thomas},
  booktitle=popl,
  year={2009},
  month = jan,
}